<record xmlns="http://www.loc.gov/MARC21/slim" xmlns:xsi="http://www.w3.org/2001/XMLSchema-instance" xsi:schemaLocation="http://www.loc.gov/MARC21/slim http://www.loc.gov/standards/marcxml/schema/MARC21slim.xsd"><leader>     nam a22        4500</leader><controlfield tag="001">6749538</controlfield><controlfield tag="003">NIC</controlfield><controlfield tag="006">m        d        </controlfield><controlfield tag="007">cr cn |||m|||a</controlfield><controlfield tag="008">150316s1955    ua      o     000 0 ara d</controlfield><datafield ind1=" " ind2=" " tag="040"><subfield code="a">NNU</subfield><subfield code="b">eng</subfield><subfield code="c">NNU</subfield></datafield><datafield ind1=" " ind2="4" tag="050"><subfield code="a">BP182</subfield><subfield code="b">.G439 1955</subfield></datafield><datafield ind1="1" ind2=" " tag="100"><subfield code="a">Ghayth, Faraj Muh&#803;ammad.</subfield></datafield><datafield ind1="1" ind2="0" tag="245"><subfield code="a">Gha&#772;yat al-irsha&#772;d ila&#769; ah&#803;ka&#772;m al-jiha&#772;d</subfield><subfield code="h">[electronic resource] /</subfield><subfield code="c">ta&#700;li&#772;f Faraj Muh&#803;ammad Ghayth. --</subfield></datafield><datafield ind1=" " ind2=" " tag="250"><subfield code="a">al-T&#803;ab&#699;ah 1. --</subfield></datafield><datafield ind1=" " ind2=" " tag="260"><subfield code="a">Mis&#803;r [al-Qa&#772;hirah] :</subfield><subfield code="b">Mat&#803;ba&#699;at Mus&#803;t&#803;afa&#772; al-Ba&#772;bi&#772; al-H&#803;alabi&#772; wa-Awla&#772;dih,</subfield><subfield code="c">1955.</subfield></datafield><datafield ind1=" " ind2=" " tag="300"><subfield code="a">online resource (158 p.)</subfield></datafield><datafield ind1=" " ind2=" " tag="500"><subfield code="a">Part of the Arabic Collections Online (ACO) project, contributed by Cornell University Libraries.</subfield></datafield><datafield ind1=" " ind2=" " tag="533"><subfield code="a">Electronic reproduction.</subfield><subfield code="b">New York, N.Y. :</subfield><subfield code="c">New York University,</subfield><subfield code="d">2015.</subfield><subfield code="5">NNU</subfield></datafield><datafield ind1=" " ind2="0" tag="650"><subfield code="a">Jihad.</subfield></datafield><datafield ind1=" " ind2="7" tag="650"><subfield code="a">Jihad.</subfield><subfield code="2">fast</subfield><subfield code="0">(OCoLC)fst00983599</subfield></datafield><datafield ind1="2" ind2=" " tag="710"><subfield code="a">Cornell University.</subfield><subfield code="b">Libraries.</subfield></datafield><datafield ind1="0" ind2=" " tag="730"><subfield code="a">Arabic Collections Online.</subfield></datafield><datafield ind1="0" ind2="8" tag="776"><subfield code="i">Online version:</subfield><subfield code="a">Ghayth, Faraj Muh&#803;ammad.</subfield><subfield code="t">Gha&#772;yat al-irsha&#772;d ila&#769; ah&#803;ka&#772;m al-jiha&#772;d.</subfield><subfield code="b">al-T&#803;ab&#699;ah 1. --</subfield><subfield code="d">Mis&#803;r [al-Qa&#772;hirah] : Mat&#803;ba&#699;at Mus&#803;t&#803;afa&#772; al-Ba&#772;bi&#772; al-H&#803;alabi&#772; wa-Awla&#772;dih, 1955</subfield><subfield code="w">(OCoLC)645152352</subfield></datafield><datafield ind1="0" ind2="8" tag="776"><subfield code="i">Print version:</subfield><subfield code="a">Ghayth, Faraj Muh&#803;ammad.</subfield><subfield code="t">Gha&#772;yat al-irsha&#772;d ila&#769; ah&#803;ka&#772;m al-jiha&#772;d</subfield><subfield code="w">(NIC)6749538</subfield><subfield code="w">(OCoLC)61589322</subfield></datafield><datafield ind1="4" ind2="0" tag="856"><subfield code="u">http://hdl.handle.net/2333.1/9ghx3hrg</subfield></datafield><datafield ind1=" " ind2=" " tag="959"><subfield code="a">NNU</subfield><subfield code="b">WEB</subfield><subfield code="c">GENI</subfield><subfield code="t">0</subfield><subfield code="m">Electronic access</subfield><subfield code="s">01</subfield></datafield><datafield ind1=" " ind2=" " tag="999"><subfield code="i">NIC_6749538</subfield><subfield code="o">(OCoLC)ocm61589322 </subfield><subfield code="s">cornell_aco000307</subfield><subfield code="e">(ERROR-880)</subfield></datafield></record>